{"btc_usd":[{"type":"bid","price":29444.7931804,"amount":0.00032276,"tid":205387411,"timestamp":1679501687},{"type":"bid","price":29502.70000001,"amount":0.00069368,"tid":205387410,"timestamp":1679500817},{"type":"bid","price":29502.70000001,"amount":0.00035388,"tid":205387409,"timestamp":1679500604},{"type":"bid","price":29599.9,"amount":0.00028119,"tid":205387408,"timestamp":1679499808},{"type":"bid","price":29556.1003,"amount":0.00186353,"tid":205387407,"timestamp":1679498755},{"type":"bid","price":29556.1003,"amount":0.00012642,"tid":205387406,"timestamp":1679498297},{"type":"ask","price":29400.20001001,"amount":0.00012069,"tid":205387405,"timestamp":1679498135},{"type":"bid","price":29556.1003,"amount":0.00301005,"tid":205387404,"timestamp":1679496907},{"type":"bid","price":29555.55555555,"amount":0.01,"tid":205387403,"timestamp":1679496907},{"type":"bid","price":29534.39877025,"amount":0.00075602,"tid":205387401,"timestamp":1679496907},{"type":"bid","price":29520,"amount":0.0012,"tid":205387400,"timestamp":1679496907},{"type":"bid","price":29500,"amount":0.00003393,"tid":205387399,"timestamp":1679496907},{"type":"bid","price":29500,"amount":0.00014017,"tid":205387398,"timestamp":1679496537},{"type":"bid","price":29500,"amount":0.00002656,"tid":205387397,"timestamp":1679496537},{"type":"bid","price":29500,"amount":0.00007344,"tid":205387396,"timestamp":1679496519},{"type":"bid","price":29500,"amount":0.00006391,"tid":205387395,"timestamp":1679496519},{"type":"bid","price":29500,"amount":0.00013596,"tid":205387394,"timestamp":1679496506},{"type":"bid","price":29500,"amount":0.0004,"tid":205387393,"timestamp":1679496456},{"type":"bid","price":29500,"amount":0.00019717,"tid":205387392,"timestamp":1679496444},{"type":"bid","price":29500,"amount":0.00010787,"tid":205387391,"timestamp":1679496444},{"type":"bid","price":29500,"amount":0.01359322,"tid":205387390,"timestamp":1679496444},{"type":"bid","price":29496.5999,"amount":0.00110174,"tid":205387389,"timestamp":1679496444},{"type":"bid","price":29496.5999,"amount":0.00208848,"tid":205387388,"timestamp":1679496395},{"type":"ask","price":29479.23,"amount":0.000384,"tid":205387387,"timestamp":1679496353},{"type":"bid","price":29496.5999,"amount":0.0002,"tid":205387386,"timestamp":1679496344},{"type":"bid","price":29495.89900001,"amount":0.0002,"tid":205387385,"timestamp":1679496344},{"type":"bid","price":29495.89989,"amount":0.00303764,"tid":205387384,"timestamp":1679494215},{"type":"ask","price":29260.80001,"amount":0.00064249,"tid":205387383,"timestamp":1679492574},{"type":"ask","price":29260.80001,"amount":0.00151379,"tid":205387382,"timestamp":1679492573},{"type":"bid","price":29338.89996998,"amount":0.00019614,"tid":205387381,"timestamp":1679491718},{"type":"bid","price":29338.29997,"amount":0.00021066,"tid":205387380,"timestamp":1679489119},{"type":"ask","price":29336.39994034,"amount":0.00043099,"tid":205387379,"timestamp":1679488692},{"type":"ask","price":29336.39994035,"amount":0.00031901,"tid":205387378,"timestamp":1679488692},{"type":"bid","price":29338.4,"amount":0.00075,"tid":205387377,"timestamp":1679488569},{"type":"bid","price":29260,"amount":0.00487877,"tid":205387376,"timestamp":1679488446},{"type":"ask","price":29084.50000004,"amount":0.00069057,"tid":205387375,"timestamp":1679487773},{"type":"bid","price":29000,"amount":0.00025,"tid":205387374,"timestamp":1679480489},{"type":"ask","price":28936.80002,"amount":0.00010123,"tid":205387373,"timestamp":1679479229},{"type":"bid","price":29342.69997,"amount":0.0007799,"tid":205387372,"timestamp":1679478574},{"type":"bid","price":29343.09989,"amount":0.00044814,"tid":205387371,"timestamp":1679478302},{"type":"bid","price":28999,"amount":0.00004455,"tid":205387370,"timestamp":1679478276},{"type":"bid","price":28999,"amount":0.0001642,"tid":205387369,"timestamp":1679477745},{"type":"bid","price":28999,"amount":0.00013843,"tid":205387368,"timestamp":1679477741},{"type":"bid","price":28999,"amount":0.00015016,"tid":205387367,"timestamp":1679477738},{"type":"bid","price":28999,"amount":0.00015389,"tid":205387366,"timestamp":1679477732},{"type":"bid","price":28999,"amount":0.0001448,"tid":205387365,"timestamp":1679477727},{"type":"bid","price":28999,"amount":0.00017873,"tid":205387364,"timestamp":1679477718},{"type":"bid","price":28999,"amount":0.00156083,"tid":205387363,"timestamp":1679477714},{"type":"bid","price":28999,"amount":0.00016014,"tid":205387362,"timestamp":1679477714},{"type":"bid","price":28999,"amount":0.00016341,"tid":205387361,"timestamp":1679477709},{"type":"bid","price":28999,"amount":0.00015941,"tid":205387360,"timestamp":1679477705},{"type":"bid","price":28999,"amount":0.00156083,"tid":205387359,"timestamp":1679477703},{"type":"bid","price":28999,"amount":0.00012421,"tid":205387358,"timestamp":1679477698},{"type":"bid","price":28999,"amount":0.00156083,"tid":205387357,"timestamp":1679477692},{"type":"bid","price":28999,"amount":0.00017464,"tid":205387356,"timestamp":1679477692},{"type":"bid","price":28999,"amount":0.00016817,"tid":205387355,"timestamp":1679477689},{"type":"bid","price":28999,"amount":0.00012552,"tid":205387354,"timestamp":1679477688},{"type":"bid","price":28999,"amount":0.00139946,"tid":205387353,"timestamp":1679477686},{"type":"bid","price":28999,"amount":0.00017245,"tid":205387352,"timestamp":1679477684},{"type":"bid","price":28999,"amount":0.00034525,"tid":205387351,"timestamp":1679477683},{"type":"bid","price":28999,"amount":0.00024466,"tid":205387350,"timestamp":1679477683},{"type":"bid","price":28999,"amount":0.00028418,"tid":205387349,"timestamp":1679477682},{"type":"bid","price":28999,"amount":0.00019958,"tid":205387348,"timestamp":1679477682},{"type":"bid","price":28999,"amount":0.00030298,"tid":205387347,"timestamp":1679477682},{"type":"bid","price":28999,"amount":0.00676285,"tid":205387346,"timestamp":1679477682},{"type":"bid","price":28999,"amount":0.00015312,"tid":205387345,"timestamp":1679477682},{"type":"bid","price":28999,"amount":0.00051333,"tid":205387344,"timestamp":1679477682},{"type":"bid","price":28999,"amount":0.00015473,"tid":205387343,"timestamp":1679477682},{"type":"bid","price":28999,"amount":0.00017183,"tid":205387342,"timestamp":1679477682},{"type":"bid","price":28999,"amount":0.00015106,"tid":205387341,"timestamp":1679477682},{"type":"bid","price":28999,"amount":0.00045481,"tid":205387340,"timestamp":1679477682},{"type":"bid","price":28999,"amount":0.00015297,"tid":205387339,"timestamp":1679477681},{"type":"bid","price":28999,"amount":0.00170835,"tid":205387338,"timestamp":1679477681},{"type":"bid","price":28999,"amount":0.00034383,"tid":205387337,"timestamp":1679477681},{"type":"bid","price":28999,"amount":0.00010204,"tid":205387336,"timestamp":1679477681},{"type":"bid","price":28999,"amount":0.00034244,"tid":205387335,"timestamp":1679477681},{"type":"bid","price":28999,"amount":0.00016697,"tid":205387334,"timestamp":1679477681},{"type":"bid","price":28999,"amount":0.00037978,"tid":205387333,"timestamp":1679477681},{"type":"bid","price":28999,"amount":0.0001031,"tid":205387332,"timestamp":1679477681},{"type":"bid","price":28999,"amount":0.0001504,"tid":205387331,"timestamp":1679477681},{"type":"bid","price":28999,"amount":0.00048909,"tid":205387330,"timestamp":1679477680},{"type":"bid","price":28999,"amount":0.00010177,"tid":205387329,"timestamp":1679477680},{"type":"bid","price":28999,"amount":0.00030545,"tid":205387328,"timestamp":1679477680},{"type":"bid","price":28999,"amount":0.00156083,"tid":205387327,"timestamp":1679477680},{"type":"bid","price":28999,"amount":0.00027628,"tid":205387326,"timestamp":1679477680},{"type":"bid","price":28999,"amount":0.0004209,"tid":205387325,"timestamp":1679477680},{"type":"bid","price":28999,"amount":0.00082133,"tid":205387324,"timestamp":1679477680},{"type":"bid","price":28999,"amount":0.00687644,"tid":205387323,"timestamp":1679477680},{"type":"bid","price":28999,"amount":0.00010257,"tid":205387322,"timestamp":1679477679},{"type":"bid","price":28999,"amount":0.00017266,"tid":205387321,"timestamp":1679477678},{"type":"bid","price":29299.8,"amount":0.00015042,"tid":205387320,"timestamp":1679477394},{"type":"ask","price":28947.30006,"amount":0.00055988,"tid":205387319,"timestamp":1679477051},{"type":"ask","price":28946.50009001,"amount":0.005,"tid":205387318,"timestamp":1679476565},{"type":"ask","price":28946.40003003,"amount":0.00011694,"tid":205387317,"timestamp":1679476511},{"type":"ask","price":28945.60001,"amount":0.00012457,"tid":205387316,"timestamp":1679475872},{"type":"ask","price":28945.60001001,"amount":0.0003962,"tid":205387315,"timestamp":1679475872},{"type":"bid","price":29464.39995,"amount":0.00010565,"tid":205387314,"timestamp":1679468273},{"type":"bid","price":29469.89997,"amount":0.00016367,"tid":205387313,"timestamp":1679464421},{"type":"bid","price":29200.20003,"amount":0.00015,"tid":205387312,"timestamp":1679464416},{"type":"ask","price":28955.10001,"amount":0.00123149,"tid":205387311,"timestamp":1679459102},{"type":"ask","price":28952.20005,"amount":0.000143,"tid":205387310,"timestamp":1679456383},{"type":"bid","price":29300.79991,"amount":0.00049697,"tid":205387309,"timestamp":1679455769},{"type":"bid","price":29300.79990998,"amount":0.00019453,"tid":205387308,"timestamp":1679455769},{"type":"bid","price":29300.7,"amount":0.00075,"tid":205387307,"timestamp":1679455769},{"type":"bid","price":29300.7,"amount":0.00075,"tid":205387306,"timestamp":1679455367},{"type":"bid","price":29300.7,"amount":0.00037306,"tid":205387305,"timestamp":1679455059},{"type":"bid","price":29032.00006,"amount":0.05343669,"tid":205387304,"timestamp":1679444528},{"type":"bid","price":29032.00006,"amount":0.00106445,"tid":205387303,"timestamp":1679443102},{"type":"bid","price":29032.00006,"amount":0.00479826,"tid":205387302,"timestamp":1679442460},{"type":"bid","price":29032.00006,"amount":0.00478227,"tid":205387301,"timestamp":1679442353},{"type":"bid","price":29032.00006,"amount":0.00476277,"tid":205387300,"timestamp":1679442306},{"type":"bid","price":29032.00006,"amount":0.00473967,"tid":205387299,"timestamp":1679442167},{"type":"bid","price":29032.00006,"amount":0.00471285,"tid":205387298,"timestamp":1679442006},{"type":"ask","price":28935.8,"amount":0.00022994,"tid":205387297,"timestamp":1679441552},{"type":"bid","price":29032.00006,"amount":0.0007366,"tid":205387296,"timestamp":1679438987},{"type":"bid","price":29032.00006,"amount":0.000372,"tid":205387295,"timestamp":1679438239},{"type":"ask","price":28989.6,"amount":0.00012985,"tid":205387294,"timestamp":1679436855},{"type":"ask","price":28989.6,"amount":0.00011554,"tid":205387293,"timestamp":1679436802},{"type":"bid","price":29032.00006,"amount":0.00075,"tid":205387292,"timestamp":1679436025},{"type":"bid","price":29032.00006,"amount":0.00075,"tid":205387291,"timestamp":1679435961},{"type":"bid","price":29032.00006,"amount":0.00075,"tid":205387290,"timestamp":1679435922},{"type":"bid","price":29032.00006,"amount":0.00010575,"tid":205387289,"timestamp":1679435920},{"type":"ask","price":29032.00006,"amount":0.01033542,"tid":205387288,"timestamp":1679435912},{"type":"ask","price":29032.00006,"amount":0.01563758,"tid":205387287,"timestamp":1679435912},{"type":"ask","price":29032.00006,"amount":0.01495712,"tid":205387286,"timestamp":1679435912},{"type":"ask","price":29032.00006,"amount":0.01592277,"tid":205387285,"timestamp":1679435912},{"type":"ask","price":29030.00001,"amount":0.00034,"tid":205387284,"timestamp":1679434459},{"type":"ask","price":29028.20006,"amount":0.0051674,"tid":205387283,"timestamp":1679433352},{"type":"ask","price":29028.20002,"amount":0.00023246,"tid":205387282,"timestamp":1679433325},{"type":"ask","price":29028.10007,"amount":0.0051674,"tid":205387281,"timestamp":1679433301},{"type":"bid","price":29498.39999,"amount":0.00019432,"tid":205387280,"timestamp":1679431784},{"type":"bid","price":29498.39999,"amount":0.000467,"tid":205387279,"timestamp":1679431784},{"type":"bid","price":29292.60863101,"amount":0.00027268,"tid":205387278,"timestamp":1679431751},{"type":"bid","price":29046.70005,"amount":0.00099788,"tid":205387277,"timestamp":1679431561},{"type":"bid","price":29077.40006,"amount":0.00061277,"tid":205387276,"timestamp":1679431014},{"type":"bid","price":29077.40006,"amount":0.00075,"tid":205387275,"timestamp":1679430975},{"type":"bid","price":29077.40006,"amount":0.00017178,"tid":205387274,"timestamp":1679430960},{"type":"bid","price":29077.40006,"amount":0.00017178,"tid":205387273,"timestamp":1679430959},{"type":"bid","price":29077.40006,"amount":0.00017178,"tid":205387272,"timestamp":1679430953},{"type":"bid","price":29077.40006,"amount":0.00017178,"tid":205387271,"timestamp":1679430951},{"type":"bid","price":29292.60863101,"amount":0.00030846,"tid":205387270,"timestamp":1679429097},{"type":"ask","price":29088.00005,"amount":0.00174801,"tid":205387269,"timestamp":1679428836},{"type":"ask","price":29292.9,"amount":0.00017403,"tid":205387268,"timestamp":1679427599},{"type":"bid","price":29292.9,"amount":0.00001785,"tid":205387267,"timestamp":1679427597},{"type":"bid","price":29292.9,"amount":0.00022573,"tid":205387266,"timestamp":1679427587},{"type":"ask","price":28989.70021,"amount":0.00035706,"tid":205387265,"timestamp":1679426831},{"type":"ask","price":29200.10000002,"amount":0.00014294,"tid":205387264,"timestamp":1679426831},{"type":"bid","price":29292.96014653,"amount":0.00016184,"tid":205387263,"timestamp":1679426600},{"type":"bid","price":29499.99999,"amount":0.00066475,"tid":205387262,"timestamp":1679423628},{"type":"ask","price":29118.00002,"amount":0.00105335,"tid":205387261,"timestamp":1679421251}]}